#############################
PUT NON-STANDARD BIBTEX ENTRIES HERE
WE WILL USE INSPIRES TO AUTO GENERATE THE OTHER FILE
#######################################

@article{Alekhin:2014irh,
      author         = "Alekhin, S. and others",
      title          = "{HERAFitter}",
      journal        = "Eur. Phys. J.",
      volume         = "C75",
      year           = "2015",
      number         = "7",
      pages          = "304",
      doi            = "10.1140/epjc/s10052-015-3480-z",
      eprint         = "1410.4412",
      archivePrefix  = "arXiv",
      primaryClass   = "hep-ph",
      reportNumber   = "DESY-14-188, DESY-REPORT-14-188, FERMILAB-PUB-14-603-CMS",
      note            = "see \url{http://xfitter.org}",
      SLACcitation   = "%%CITATION = ARXIV:1410.4412;%%"
}

@online{openqcdrad,
  author =	 "S. Alekhin",
  title =	 "{``OPENQCDRAD''}",
  note =		 {see \url{http://www-zeuthen.desy.de/~alekhin/OPENQCDRAD/}},
}

@article{Zenaiev:2015rfa,
      author         = "Zenaiev, O. and others",
      title          = "{Impact of heavy-flavour production cross sections
                        measured by the LHCb experiment on parton distribution
                        functions at low x}",
      collaboration  = "PROSA",
      journal        = "Eur. Phys. J.",
      volume         = "C75",
      year           = "2015",
      number         = "8",
      pages          = "396",
      doi            = "10.1140/epjc/s10052-015-3618-z",
      eprint         = "1503.04581",
      archivePrefix  = "arXiv",
      primaryClass   = "hep-ph",
      reportNumber   = "DESY-15-034",
      SLACcitation   = "%%CITATION = ARXIV:1503.04581;%%"
}

@article{Alekhin:2017kpj,
      author         = "Alekhin, S. and Bl{\"u}mlein, J. and Moch, S. and Placakyte,
                        R.",
      title          = "{Parton distribution functions, $\alpha_s$, and
                        heavy-quark masses for LHC Run II}",
      journal        = "Phys. Rev.",
      volume         = "D96",
      year           = "2017",
      number         = "1",
      pages          = "014011",
      doi            = "10.1103/PhysRevD.96.014011",
      eprint         = "1701.05838",
      archivePrefix  = "arXiv",
      primaryClass   = "hep-ph",
      reportNumber   = "DESY-16-179, DO-TH-16-13",
      SLACcitation   = "%%CITATION = ARXIV:1701.05838;%%"
}

@online{prosaweb,
  title =	 "{PROSA} web-site",
  note =		 {see \url{https://prosa.desy.de}},
}
