#############################
PUT NON-STANDARD BIBTEX ENTRIES in extra.bib
WE WILL USE INSPIRES TO AUTO GENERATE THIS FILE
#############################
@article{Frixione:2007nw,
      author         = "Frixione, Stefano and Nason, Paolo and Ridolfi, Giovanni",
      title          = "{A Positive-weight next-to-leading-order Monte Carlo for
                        heavy flavour hadroproduction}",
      journal        = "JHEP",
      volume         = "09",
      year           = "2007",
      pages          = "126",
      doi            = "10.1088/1126-6708/2007/09/126",
      eprint         = "0707.3088",
      archivePrefix  = "arXiv",
      primaryClass   = "hep-ph",
      reportNumber   = "BICOCCA-FT-07-12, GEF-TH-19-2007",
      SLACcitation   = "%%CITATION = ARXIV:0707.3088;%%"
}
@article{Sjostrand:2014zea,
      author         = "Sj{\"o}strand, Torbj{\"o}rn and Ask, Stefan and Christiansen,
                        Jesper R. and Corke, Richard and Desai, Nishita and Ilten,
                        Philip and Mrenna, Stephen and Prestel, Stefan and
                        Rasmussen, Christine O. and Skands, Peter Z.",
      title          = "{An Introduction to PYTHIA 8.2}",
      journal        = "Comput. Phys. Commun.",
      volume         = "191",
      year           = "2015",
      pages          = "159-177",
      doi            = "10.1016/j.cpc.2015.01.024",
      eprint         = "1410.3012",
      archivePrefix  = "arXiv",
      primaryClass   = "hep-ph",
      reportNumber   = "LU-TP-14-36, MCNET-14-22, CERN-PH-TH-2014-190,
                        FERMILAB-PUB-14-316-CD, DESY-14-178, SLAC-PUB-16122",
      SLACcitation   = "%%CITATION = ARXIV:1410.3012;%%"
}
@article{Nason:2004rx,
      author         = "Nason, Paolo",
      title          = "{A New method for combining NLO QCD with shower Monte
                        Carlo algorithms}",
      journal        = "JHEP",
      volume         = "11",
      year           = "2004",
      pages          = "040",
      doi            = "10.1088/1126-6708/2004/11/040",
      eprint         = "hep-ph/0409146",
      archivePrefix  = "arXiv",
      primaryClass   = "hep-ph",
      reportNumber   = "BICOCCA-FT-04-11",
      SLACcitation   = "%%CITATION = HEP-PH/0409146;%%"
}
@article{Kneesch:2007ey,
      author         = "Kneesch, T. and Kniehl, B. A. and Kramer, G. and
                        Schienbein, I.",
      title          = "{Charmed-meson fragmentation functions with finite-mass
                        corrections}",
      journal        = "Nucl. Phys.",
      volume         = "B799",
      year           = "2008",
      pages          = "34-59",
      doi            = "10.1016/j.nuclphysb.2008.02.015",
      eprint         = "0712.0481",
      archivePrefix  = "arXiv",
      primaryClass   = "hep-ph",
      reportNumber   = "DESY-07-215, LPSC-07-131",
      SLACcitation   = "%%CITATION = ARXIV:0712.0481;%%"
}
@article{Alekhin:2012ig,
      author         = "Alekhin, S. and Blumlein, J. and Moch, S.",
      title          = "{Parton Distribution Functions and Benchmark Cross
                        Sections at NNLO}",
      journal        = "Phys. Rev.",
      volume         = "D86",
      year           = "2012",
      pages          = "054009",
      doi            = "10.1103/PhysRevD.86.054009",
      eprint         = "1202.2281",
      archivePrefix  = "arXiv",
      primaryClass   = "hep-ph",
      reportNumber   = "DESY-12-023, DO-TH-11-31, LPN-12-033, SFB-CPP-12-08",
      SLACcitation   = "%%CITATION = ARXIV:1202.2281;%%"
}
@article{Dembinski:2017zsh,
      author         = "Dembinski, Hans Peter and Engel, Ralph and Fedynitch,
                        Anatoli and Gaisser, Thomas and Riehn, Felix and Stanev,
                        Todor",
      title          = "{Data-driven model of the cosmic-ray flux and mass
                        composition from 10 GeV to $10^{11}$ GeV}",
      booktitle      = "{The Fluorescence detector Array of Single-pixel
                        Telescopes: Contributions to the 35th International Cosmic
                        Ray Conference (ICRC 2017)}",
      journal        = "PoS",
      volume         = "ICRC2017",
      year           = "2018",
      pages          = "533",
      doi            = "10.22323/1.301.0533",
      note           = "[35,533(2017)]",
      eprint         = "1711.11432",
      archivePrefix  = "arXiv",
      primaryClass   = "astro-ph.HE",
      SLACcitation   = "%%CITATION = ARXIV:1711.11432;%%"
}
@article{Thoudam:2016syr,
      author         = "Thoudam, S. and Rachen, J. P. and van Vliet, A. and
                        Achterberg, A. and Buitink, S. and Falcke, H. and
                        Hörandel, J. R.",
      title          = "{Cosmic-ray energy spectrum and composition up to the
                        ankle: the case for a second Galactic component}",
      journal        = "Astron. Astrophys.",
      volume         = "595",
      year           = "2016",
      pages          = "A33",
      doi            = "10.1051/0004-6361/201628894",
      eprint         = "1605.03111",
      archivePrefix  = "arXiv",
      primaryClass   = "astro-ph.HE",
      SLACcitation   = "%%CITATION = ARXIV:1605.03111;%%"
}
@article{Goncalves:2017lvq,
      author         = "Goncalves, Victor P. and Maciula, Rafał and Pasechnik,
                        Roman and Szczurek, Antoni",
      title          = "{Mapping the dominant regions of the phase space
                        associated with $c\bar c$ production relevant for the
                        prompt atmospheric neutrino flux}",
      journal        = "Phys. Rev.",
      volume         = "D96",
      year           = "2017",
      number         = "9",
      pages          = "094026",
      doi            = "10.1103/PhysRevD.96.094026",
      eprint         = "1708.03775",
      archivePrefix  = "arXiv",
      primaryClass   = "hep-ph",
      SLACcitation   = "%%CITATION = ARXIV:1708.03775;%%"
}
@article{Collaboration:2011nsa,
      author         = "Ageron, M. and others",
      title          = "{ANTARES: the first undersea neutrino telescope}",
      collaboration  = "ANTARES",
      journal        = "Nucl. Instrum. Meth.",
      volume         = "A656",
      year           = "2011",
      pages          = "11-38",
      doi            = "10.1016/j.nima.2011.06.103",
      eprint         = "1104.1607",
      archivePrefix  = "arXiv",
      primaryClass   = "astro-ph.IM",
      SLACcitation   = "%%CITATION = ARXIV:1104.1607;%%"
}
@article{Adrian-Martinez:2016fdl,
      author         = "Adrian-Martinez, S. and others",
      title          = "{Letter of intent for KM3NeT 2.0}",
      collaboration  = "KM3Net",
      journal        = "J. Phys.",
      volume         = "G43",
      year           = "2016",
      number         = "8",
      pages          = "084001",
      doi            = "10.1088/0954-3899/43/8/084001",
      eprint         = "1601.07459",
      archivePrefix  = "arXiv",
      primaryClass   = "astro-ph.IM",
      SLACcitation   = "%%CITATION = ARXIV:1601.07459;%%"
}
@article{Gaisser:2014foa,
      author         = "Gaisser, Thomas and Halzen, Francis",
      title          = "{IceCube}",
      journal        = "Ann. Rev. Nucl. Part. Sci.",
      volume         = "64",
      year           = "2014",
      pages          = "101-123",
      doi            = "10.1146/annurev-nucl-102313-025321",
      SLACcitation   = "%%CITATION = ARNUA,64,101;%%"
}
@article{Eskola:2009uj,
      author         = "Eskola, K. J. and Paukkunen, H. and Salgado, C. A.",
      title          = "{EPS09: A New Generation of NLO and LO Nuclear Parton
                        Distribution Functions}",
      journal        = "JHEP",
      volume         = "04",
      year           = "2009",
      pages          = "065",
      doi            = "10.1088/1126-6708/2009/04/065",
      eprint         = "0902.4154",
      archivePrefix  = "arXiv",
      primaryClass   = "hep-ph",
      SLACcitation   = "%%CITATION = ARXIV:0902.4154;%%"
}
@article{Kovarik:2015cma,
      author         = "Kovarik, K. and others",
      title          = "{nCTEQ15 - Global analysis of nuclear parton
                        distributions with uncertainties in the CTEQ framework}",
      journal        = "Phys. Rev.",
      volume         = "D93",
      year           = "2016",
      number         = "8",
      pages          = "085037",
      doi            = "10.1103/PhysRevD.93.085037",
      eprint         = "1509.00792",
      archivePrefix  = "arXiv",
      primaryClass   = "hep-ph",
      reportNumber   = "LPSC-15-153, MS-TP-15-11, FERMILAB-PUB-15-375-ND-PPD-T",
      SLACcitation   = "%%CITATION = ARXIV:1509.00792;%%"
}
@article{Gondolo:1995fq,
      author         = "Gondolo, P. and Ingelman, G. and Thunman, M.",
      title          = "{Charm production and high-energy atmospheric muon and
                        neutrino fluxes}",
      journal        = "Astropart. Phys.",
      volume         = "5",
      year           = "1996",
      pages          = "309-332",
      doi            = "10.1016/0927-6505(96)00033-3",
      eprint         = "hep-ph/9505417",
      archivePrefix  = "arXiv",
      primaryClass   = "hep-ph",
      reportNumber   = "TSL-ISV-95-0120, PAR-LPTHE-95-29",
      SLACcitation   = "%%CITATION = HEP-PH/9505417;%%"
}
@article{Fedynitch:2015zma,
      author         = "Fedynitch, Anatoli and Engel, Ralph and Gaisser, Thomas
                        K. and Riehn, Felix and Stanev, Todor",
      title          = "{Calculation of conventional and prompt lepton fluxes at
                        very high energy}",
      booktitle      = "{Proceedings, 18th International Symposium on Very High
                        Energy Cosmic Ray Interactions (ISVHECRI 2014): Geneva,
                        Switzerland, August 18-22, 2014}",
      journal        = "EPJ Web Conf.",
      volume         = "99",
      year           = "2015",
      pages          = "08001",
      doi            = "10.1051/epjconf/20159908001",
      eprint         = "1503.00544",
      archivePrefix  = "arXiv",
      primaryClass   = "hep-ph",
      SLACcitation   = "%%CITATION = ARXIV:1503.00544;%%"
}
@article{Enberg:2008te,
      author         = "Enberg, Rikard and Reno, Mary Hall and Sarcevic, Ina",
      title          = "{Prompt neutrino fluxes from atmospheric charm}",
      journal        = "Phys. Rev.",
      volume         = "D78",
      year           = "2008",
      pages          = "043005",
      doi            = "10.1103/PhysRevD.78.043005",
      eprint         = "0806.0418",
      archivePrefix  = "arXiv",
      primaryClass   = "hep-ph",
      SLACcitation   = "%%CITATION = ARXIV:0806.0418;%%"
}
@article{Bhattacharya:2015jpa,
      author         = "Bhattacharya, Atri and Enberg, Rikard and Reno, Mary Hall
                        and Sarcevic, Ina and Stasto, Anna",
      title          = "{Perturbative charm production and the prompt atmospheric
                        neutrino flux in light of RHIC and LHC}",
      journal        = "JHEP",
      volume         = "06",
      year           = "2015",
      pages          = "110",
      doi            = "10.1007/JHEP06(2015)110",
      eprint         = "1502.01076",
      archivePrefix  = "arXiv",
      primaryClass   = "hep-ph",
      reportNumber   = "NORDITA-2015-9",
      SLACcitation   = "%%CITATION = ARXIV:1502.01076;%%"
}
@article{Aartsen:2016xlq,
      author         = "Aartsen, M. G. and others",
      title          = "{Observation and Characterization of a Cosmic Muon
                        Neutrino Flux from the Northern Hemisphere using six years
                        of IceCube data}",
      collaboration  = "IceCube",
      journal        = "Astrophys. J.",
      volume         = "833",
      year           = "2016",
      number         = "1",
      pages          = "3",
      doi            = "10.3847/0004-637X/833/1/3",
      eprint         = "1607.08006",
      archivePrefix  = "arXiv",
      primaryClass   = "astro-ph.HE",
      SLACcitation   = "%%CITATION = ARXIV:1607.08006;%%"
}
@article{Benzke:2017yjn,
      author         = "Benzke, M. and Garzelli, M. V. and Kniehl, B. and Kramer,
                        G. and Moch, S. and Sigl, G.",
      title          = "{Prompt neutrinos from atmospheric charm in the
                        general-mass variable-flavor-number scheme}",
      journal        = "JHEP",
      volume         = "12",
      year           = "2017",
      pages          = "021",
      doi            = "10.1007/JHEP12(2017)021",
      eprint         = "1705.10386",
      archivePrefix  = "arXiv",
      primaryClass   = "hep-ph",
      reportNumber   = "DESY-17-073",
      SLACcitation   = "%%CITATION = ARXIV:1705.10386;%%"
}
@book{Gaisser:2016uoy,
      author         = "Gaisser, Thomas K. and Engel, Ralph and Resconi, Elisa",
      title          = "{Cosmic Rays and Particle Physics}",
      publisher      = "Cambridge University Press",
      year           = "2016",
      url            = "http://www.cambridge.org/de/academic/subjects/physics/cosmology-relativity-and-gravitation/cosmic-rays-and-particle-physics-2nd-edition?format=HB",
      ISBN           = "9780521016469",
      SLACcitation   = "%%CITATION = INSPIRE-1419789;%%"
}
@article{Costa:2000jw,
      author         = "Costa, C. G. S.",
      title          = "{The Prompt lepton cookbook}",
      journal        = "Astropart. Phys.",
      volume         = "16",
      year           = "2001",
      pages          = "193-204",
      doi            = "10.1016/S0927-6505(01)00105-0",
      eprint         = "hep-ph/0010306",
      archivePrefix  = "arXiv",
      primaryClass   = "hep-ph",
      reportNumber   = "ULB-TH-00-24",
      SLACcitation   = "%%CITATION = HEP-PH/0010306;%%"
}
@article{Gaisser:2013ira,
      author         = "Gaisser, Thomas K.",
      title          = "{Atmospheric leptons}",
      booktitle      = "{Proceedings, 17th International Symposium on Very High
                        Energy Cosmic Ray Interactions (ISVHECRI 2012): Berlin,
                        Germany, August 10-15, 2012}",
      journal        = "EPJ Web Conf.",
      volume         = "52",
      year           = "2013",
      pages          = "09004",
      doi            = "10.1051/epjconf/20125209004",
      eprint         = "1303.1431",
      archivePrefix  = "arXiv",
      primaryClass   = "hep-ph",
      SLACcitation   = "%%CITATION = ARXIV:1303.1431;%%"
}
@article{Mascaretti:2019uqn,
      author         = "Mascaretti, Carlo and Vissani, Francesco",
      title          = "{On the relevance of prompt neutrinos for the
                        interpretation of the IceCube signals}",
      journal        = "JCAP",
      volume         = "1908",
      year           = "2019",
      number         = "08",
      pages          = "004",
      doi            = "10.1088/1475-7516/2019/08/004",
      eprint         = "1904.11938",
      archivePrefix  = "arXiv",
      primaryClass   = "astro-ph.HE",
      SLACcitation   = "%%CITATION = ARXIV:1904.11938;%%"
}
@article{Lipari:1993hd,
      author         = "Lipari, P.",
      title          = "{Lepton spectra in the earth's atmosphere}",
      journal        = "Astropart. Phys.",
      volume         = "1",
      year           = "1993",
      pages          = "195-227",
      doi            = "10.1016/0927-6505(93)90022-6",
      SLACcitation   = "%%CITATION = APHYE,1,195;%%"
}
@article{Aartsen:2015rwa,
      author         = "Aartsen, M. G. and others",
      title          = "{Evidence for Astrophysical Muon Neutrinos from the
                        Northern Sky with IceCube}",
      collaboration  = "IceCube",
      journal        = "Phys. Rev. Lett.",
      volume         = "115",
      year           = "2015",
      number         = "8",
      pages          = "081102",
      doi            = "10.1103/PhysRevLett.115.081102",
      eprint         = "1507.04005",
      archivePrefix  = "arXiv",
      primaryClass   = "astro-ph.HE",
      SLACcitation   = "%%CITATION = ARXIV:1507.04005;%%"
}
@article{Bhattacharya:2016jce,
      author         = "Bhattacharya, Atri and Enberg, Rikard and Jeong, Yu Seon
                        and Kim, C. S. and Reno, Mary Hall and Sarcevic, Ina and
                        Stasto, Anna",
      title          = "{Prompt atmospheric neutrino fluxes: perturbative QCD
                        models and nuclear effects}",
      journal        = "JHEP",
      volume         = "11",
      year           = "2016",
      pages          = "167",
      doi            = "10.1007/JHEP11(2016)167",
      eprint         = "1607.00193",
      archivePrefix  = "arXiv",
      primaryClass   = "hep-ph",
      SLACcitation   = "%%CITATION = ARXIV:1607.00193;%%"
}
@article{Gaisser:2013bla,
      author         = "Gaisser, Thomas K. and Stanev, Todor and Tilav, Serap",
      title          = "{Cosmic Ray Energy Spectrum from Measurements of Air
                        Showers}",
      journal        = "Front. Phys.(Beijing)",
      volume         = "8",
      year           = "2013",
      pages          = "748-758",
      doi            = "10.1007/s11467-013-0319-7",
      eprint         = "1303.3565",
      archivePrefix  = "arXiv",
      primaryClass   = "astro-ph.HE",
      SLACcitation   = "%%CITATION = ARXIV:1303.3565;%%"
}
@article{Gaisser:2011cc,
      author         = "Gaisser, Thomas K.",
      title          = "{Spectrum of cosmic-ray nucleons, kaon production, and
                        the atmospheric muon charge ratio}",
      journal        = "Astropart. Phys.",
      volume         = "35",
      year           = "2012",
      pages          = "801-806",
      doi            = "10.1016/j.astropartphys.2012.02.010",
      eprint         = "1111.6675",
      archivePrefix  = "arXiv",
      primaryClass   = "astro-ph.HE",
      SLACcitation   = "%%CITATION = ARXIV:1111.6675;%%"
}
@article{Tanabashi:2018oca,
      author         = "Tanabashi, M. and others",
      title          = "{Review of Particle Physics}",
      collaboration  = "Particle Data Group",
      journal        = "Phys. Rev.",
      volume         = "D98",
      year           = "2018",
      number         = "3",
      pages          = "030001",
      doi            = "10.1103/PhysRevD.98.030001",
      SLACcitation   = "%%CITATION = PHRVA,D98,030001;%%"
}
@article{Melnikov:2004bm,
      author         = "Melnikov, Kirill and Mitov, Alexander",
      title          = "{Perturbative heavy quark fragmentation function through
                        O(alpha**2(s))}",
      journal        = "Phys. Rev.",
      volume         = "D70",
      year           = "2004",
      pages          = "034027",
      doi            = "10.1103/PhysRevD.70.034027",
      eprint         = "hep-ph/0404143",
      archivePrefix  = "arXiv",
      primaryClass   = "hep-ph",
      reportNumber   = "UH-511-1048-04",
      SLACcitation   = "%%CITATION = HEP-PH/0404143;%%"
}
@article{Alekhin:2012un,
      author         = "Alekhin, S. and Daum, K. and Lipka, K. and Moch, S.",
      title          = "{Determination of the charm-quark mass in the $\overline{MS}$
                        scheme using charm production data from deep inelastic
                        scattering at HERA}",
      journal        = "Phys. Lett.",
      volume         = "B718",
      year           = "2012",
      pages          = "550-557",
      doi            = "10.1016/j.physletb.2012.11.010",
      eprint         = "1209.0436",
      archivePrefix  = "arXiv",
      primaryClass   = "hep-ph",
      reportNumber   = "DESY-12-138, LPN-12-085, SFB-CPP-12-52",
      SLACcitation   = "%%CITATION = ARXIV:1209.0436;%%"
}
@article{Pumplin:2001ct,
      author         = "Pumplin, J. and Stump, D. and Brock, R. and Casey, D. and
                        Huston, J. and Kalk, J. and Lai, H. L. and Tung, W. K.",
      title          = "{Uncertainties of predictions from parton distribution
                        functions. II. The Hessian method}",
      journal        = "Phys. Rev. D",
      volume         = "65",
      year           = "2001",
      pages          = "014013",
      doi            = "10.1103/PhysRevD.65.014013",
      eprint         = "hep-ph/0101032",
      archivePrefix  = "arXiv",
      primaryClass   = "hep-ph",
      reportNumber   = "MSU-HEP-07101, CERN-TH-2000-360",
      SLACcitation   = "%%CITATION = HEP-PH/0101032;%%"
}
@article{Aaron:2009aa,
      author         = "{H1 and ZEUS Collaborations}",
      title          = "{Combined measurement and QCD analysis of the inclusive
                        $e^\pm p$ scattering cross sections at HERA}",
      journal        = "JHEP",
      volume         = "01",
      pages          = "109",
      doi            = "10.1007/JHEP01(2010)109",
      year           = "2010",
      eprint         = "0911.0884",
      archivePrefix  = "arXiv",
      primaryClass   = "hep-ex",
      reportNumber   = "DESY-09-158",
      SLACcitation   = "%%CITATION = ARXIV:0911.0884;%%",
}

@article{H1:2018flt,
      author         = "Abramowicz, H. and others",
      title          = "{Combination and QCD analysis of charm and beauty
                        production cross-section measurements in deep inelastic
                        $ep$ scattering at HERA}",
      collaboration  = "H1, ZEUS",
      journal        = "Eur. Phys. J.",
      volume         = "C78",
      year           = "2018",
      number         = "6",
      pages          = "473",
      doi            = "10.1140/epjc/s10052-018-5848-3",
      eprint         = "1804.01019",
      archivePrefix  = "arXiv",
      primaryClass   = "hep-ex",
      reportNumber   = "DESY 18-037, DESY-18-037",
      SLACcitation   = "%%CITATION = ARXIV:1804.01019;%%"
}

@article{Bertone:2017ehk,
      author         = "Bertone, V. and others",
      title          = "{Impact of the heavy quark matching scales in PDF fits}",
      collaboration  = "The xFitter Developers Team",
      journal        = "Eur. Phys. J.",
      volume         = "C77",
      year           = "2017",
      number         = "12",
      pages          = "837",
      doi            = "10.1140/epjc/s10052-017-5407-3",
      eprint         = "1707.05343",
      archivePrefix  = "arXiv",
      primaryClass   = "hep-ph",
      reportNumber   = "DESY-17-101",
      SLACcitation   = "%%CITATION = ARXIV:1707.05343;%%"
}

@article{James:1975dr,
      author         = "James, F. and Roos, M.",
      title          = "{Minuit: A System for Function Minimization and Analysis
                        of the Parameter Errors and Correlations}",
      journal        = "Comput. Phys. Commun.",
      volume         = "10",
      year           = "1975",
      pages          = "343-367",
      doi            = "10.1016/0010-4655(75)90039-9",
      reportNumber   = "CERN-DD-75-20",
      SLACcitation   = "%%CITATION = CPHCB,10,343;%%"
}

@article{Garzelli:2015psa,
      author         = "Garzelli, M. V. and Moch, S. and Sigl, G.",
      title          = "{Lepton fluxes from atmospheric charm revisited}",
      journal        = "JHEP",
      volume         = "10",
      year           = "2015",
      pages          = "115",
      doi            = "10.1007/JHEP10(2015)115",
      eprint         = "1507.01570",
      archivePrefix  = "arXiv",
      primaryClass   = "hep-ph",
      reportNumber   = "DESY-15-107, MITP-15-049",
      SLACcitation   = "%%CITATION = ARXIV:1507.01570;%%"
}

@article{Aaij:2013mga,
      author         = "Aaij, R and others",
      title          = "{Prompt charm production in pp collisions at sqrt(s)=7
                        TeV}",
      collaboration  = "LHCb",
      journal        = "Nucl. Phys.",
      volume         = "B871",
      year           = "2013",
      pages          = "1-20",
      doi            = "10.1016/j.nuclphysb.2013.02.010",
      eprint         = "1302.2864",
      archivePrefix  = "arXiv",
      primaryClass   = "hep-ex",
      reportNumber   = "LHCB-PAPER-2012-041, CERN-PH-EP-2013-009",
      SLACcitation   = "%%CITATION = ARXIV:1302.2864;%%"
}

@article{Aaij:2015bpa,
      author         = "Aaij, Roel and others",
      title          = "{Measurements of prompt charm production cross-sections
                        in $pp$ collisions at $ \sqrt{s}=13 $ TeV}",
      collaboration  = "LHCb",
      journal        = "JHEP",
      volume         = "03",
      year           = "2016",
      pages          = "159",
      doi            = "10.1007/JHEP03(2016)159, 10.1007/JHEP09(2016)013,
                        10.1007/JHEP05(2017)074",
      note           = "[Erratum: JHEP05,074(2017)]",
      eprint         = "1510.01707",
      archivePrefix  = "arXiv",
      primaryClass   = "hep-ex",
      reportNumber   = "LHCB-PAPER-2015-041, CERN-PH-EP-2015-272",
      SLACcitation   = "%%CITATION = ARXIV:1510.01707;%%"
}

@article{Aaij:2016jht,
      author         = "Aaij, Roel and others",
      title          = "{Measurements of prompt charm production cross-sections
                        in pp collisions at $ \sqrt{s}=5 $ TeV}",
      collaboration  = "LHCb",
      journal        = "JHEP",
      volume         = "06",
      year           = "2017",
      pages          = "147",
      doi            = "10.1007/JHEP06(2017)147",
      eprint         = "1610.02230",
      archivePrefix  = "arXiv",
      primaryClass   = "hep-ex",
      reportNumber   = "CERN-EP-2016-244, LHCB-PAPER-2016-042",
      SLACcitation   = "%%CITATION = ARXIV:1610.02230;%%"
}

@article{Gauld:2015yia,
      author         = "Gauld, Rhorry and Rojo, Juan and Rottoli, Luca and
                        Talbert, Jim",
      title          = "{Charm production in the forward region: constraints on
                        the small-x gluon and backgrounds for neutrino astronomy}",
      journal        = "JHEP",
      volume         = "11",
      year           = "2015",
      pages          = "009",
      doi            = "10.1007/JHEP11(2015)009",
      eprint         = "1506.08025",
      archivePrefix  = "arXiv",
      primaryClass   = "hep-ph",
      reportNumber   = "OUTP-15-06P, DCPT-15-32, IPPP-15-16",
      SLACcitation   = "%%CITATION = ARXIV:1506.08025;%%"
}

@article{Gauld:2016kpd,
      author         = "Gauld, Rhorry and Rojo, Juan",
      title          = "{Precision determination of the small-$x$ gluon from
                        charm production at LHCb}",
      journal        = "Phys. Rev. Lett.",
      volume         = "118",
      year           = "2017",
      number         = "7",
      pages          = "072001",
      doi            = "10.1103/PhysRevLett.118.072001",
      eprint         = "1610.09373",
      archivePrefix  = "arXiv",
      primaryClass   = "hep-ph",
      reportNumber   = "NIKHEF-2016-050",
      SLACcitation   = "%%CITATION = ARXIV:1610.09373;%%"
}

@article{Bertone:2018dse,
      author         = "Bertone, Valerio and Gauld, Rhorry and Rojo, Juan",
      title          = "{Neutrino Telescopes as QCD Microscopes}",
      journal        = "JHEP",
      volume         = "01",
      year           = "2019",
      pages          = "217",
      doi            = "10.1007/JHEP01(2019)217",
      eprint         = "1808.02034",
      archivePrefix  = "arXiv",
      primaryClass   = "hep-ph",
      reportNumber   = "Nikhef/2018-017",
      SLACcitation   = "%%CITATION = ARXIV:1808.02034;%%"
}

@article{Abramowicz:2015mha,
      author         = "Abramowicz, H. and others",
      title          = "{Combination of measurements of inclusive deep inelastic
                        ${e^{\pm }p}$ scattering cross sections and QCD analysis
                        of HERA data}",
      collaboration  = "H1, ZEUS",
      journal        = "Eur. Phys. J.",
      volume         = "C75",
      year           = "2015",
      number         = "12",
      pages          = "580",
      doi            = "10.1140/epjc/s10052-015-3710-4",
      eprint         = "1506.06042",
      archivePrefix  = "arXiv",
      primaryClass   = "hep-ex",
      reportNumber   = "DESY-15-039",
      SLACcitation   = "%%CITATION = ARXIV:1506.06042;%%"
}

@article{Gauld:2015kvh,
      author         = "Gauld, Rhorry and Rojo, Juan and Rottoli, Luca and
                        Sarkar, Subir and Talbert, Jim",
      title          = "{The prompt atmospheric neutrino flux in the light of
                        LHCb}",
      journal        = "JHEP",
      volume         = "02",
      year           = "2016",
      pages          = "130",
      doi            = "10.1007/JHEP02(2016)130",
      eprint         = "1511.06346",
      archivePrefix  = "arXiv",
      primaryClass   = "hep-ph",
      reportNumber   = "OUTP-15-26P, DCPT-15-128, IPPP-15-64",
      SLACcitation   = "%%CITATION = ARXIV:1511.06346;%%"
}

@article{Acharya:2019mgn,
      author         = "Acharya, Shreyasi and others",
      title          = "{Measurement of ${{\mathrm{D}}^0}$ , ${{\mathrm{D}}^+}$ ,
                        ${{\mathrm{D}}^{*+}}$ and ${{\mathrm{D}}^+_{\mathrm{s}}}$
                        production in pp collisions at
                        ${\sqrt{{\textit{s}}}~=~5.02~{\text {TeV}}}$ with ALICE}",
      collaboration  = "ALICE",
      journal        = "Eur. Phys. J.",
      volume         = "C79",
      year           = "2019",
      number         = "5",
      pages          = "388",
      doi            = "10.1140/epjc/s10052-019-6873-6",
      eprint         = "1901.07979",
      archivePrefix  = "arXiv",
      primaryClass   = "nucl-ex",
      reportNumber   = "CERN-EP-2019-004",
      SLACcitation   = "%%CITATION = ARXIV:1901.07979;%%"
}

%%% contains utf-8, see: https://inspirehep.net/info/faq/general#utf8
%%% add \usepackage[utf8]{inputenc} to your latex preamble

@article{Acharya:2017jgo,
      author         = "Acharya, Shreyasi and others",
      title          = "{Measurement of D-meson production at mid-rapidity in pp
                        collisions at ${\sqrt{s}=7}$  TeV}",
      collaboration  = "ALICE",
      journal        = "Eur. Phys. J.",
      volume         = "C77",
      year           = "2017",
      number         = "8",
      pages          = "550",
      doi            = "10.1140/epjc/s10052-017-5090-4",
      eprint         = "1702.00766",
      archivePrefix  = "arXiv",
      primaryClass   = "hep-ex",
      reportNumber   = "CERN-EP-2017-020",
      SLACcitation   = "%%CITATION = ARXIV:1702.00766;%%"
}

@article{Aaij:2013noa,
      author         = "Aaij, R and others",
      title          = "{Measurement of B meson production cross-sections in
                        proton-proton collisions at $\sqrt{s}$ = 7 TeV}",
      collaboration  = "LHCb",
      journal        = "JHEP",
      volume         = "08",
      year           = "2013",
      pages          = "117",
      doi            = "10.1007/JHEP08(2013)117",
      eprint         = "1306.3663",
      archivePrefix  = "arXiv",
      primaryClass   = "hep-ex",
      reportNumber   = "CERN-PH-EP-2013-095, LHCB-PAPER-2013-004",
      SLACcitation   = "%%CITATION = ARXIV:1306.3663;%%"
}

@article{Garzelli:2016xmx,
      author         = "Garzelli, M. V. and Moch, S. and Zenaiev, O. and
                        Cooper-Sarkar, A. and Geiser, A. and Lipka, K. and
                        Placakyte, R. and Sigl, G.",
      title          = "{Prompt neutrino fluxes in the atmosphere with PROSA
                        parton distribution functions}",
      collaboration  = "PROSA",
      journal        = "JHEP",
      volume         = "05",
      year           = "2017",
      pages          = "004",
      doi            = "10.1007/JHEP05(2017)004",
      eprint         = "1611.03815",
      archivePrefix  = "arXiv",
      primaryClass   = "hep-ph",
      reportNumber   = "DESY-16-152",
      SLACcitation   = "%%CITATION = ARXIV:1611.03815;%%"
}

@article{Dowling:2013baa,
      author         = "Dowling, Matthew and Moch, Sven-Olaf",
      title          = "{Differential distributions for top-quark
                        hadro-production with a running mass}",
      journal        = "Eur. Phys. J.",
      volume         = "C74",
      year           = "2014",
      number         = "11",
      pages          = "3167",
      doi            = "10.1140/epjc/s10052-014-3167-x",
      eprint         = "1305.6422",
      archivePrefix  = "arXiv",
      primaryClass   = "hep-ph",
      reportNumber   = "DESY-13-092, LPN-13-032, SFB-CPP-13-36",
      SLACcitation   = "%%CITATION = ARXIV:1305.6422;%%"
}

@article{Aaron:2008ac,
      author         = "Aaron, F. D. and others",
      title          = "{Study of Charm Fragmentation into D*+- Mesons in
                        Deep-Inelastic Scattering at HERA}",
      collaboration  = "H1",
      journal        = "Eur. Phys. J.",
      volume         = "C59",
      year           = "2009",
      pages          = "589-606",
      doi            = "10.1140/epjc/s10052-008-0792-2",
      eprint         = "0808.1003",
      archivePrefix  = "arXiv",
      primaryClass   = "hep-ex",
      reportNumber   = "DESY-08-080",
      SLACcitation   = "%%CITATION = ARXIV:0808.1003;%%"
}

@article{Chekanov:2008ur,
      author         = "Chekanov, S. and others",
      title          = "{Measurement of the charm fragmentation function in D*
                        photoproduction at HERA}",
      collaboration  = "ZEUS",
      journal        = "JHEP",
      volume         = "04",
      year           = "2009",
      pages          = "082",
      doi            = "10.1088/1126-6708/2009/04/082",
      eprint         = "0901.1210",
      archivePrefix  = "arXiv",
      primaryClass   = "hep-ex",
      reportNumber   = "DESY-08-209",
      SLACcitation   = "%%CITATION = ARXIV:0901.1210;%%"
}

@article{Nason:1999zj,
      author         = "Nason, Paolo and Oleari, Carlo",
      title          = "{A Phenomenological study of heavy quark fragmentation
                        functions in e+ e- annihilation}",
      journal        = "Nucl. Phys.",
      volume         = "B565",
      year           = "2000",
      pages          = "245-266",
      doi            = "10.1016/S0550-3213(99)00673-2",
      eprint         = "hep-ph/9903541",
      archivePrefix  = "arXiv",
      primaryClass   = "hep-ph",
      reportNumber   = "BICOCCA-FT-99-07, DTP-99-36",
      SLACcitation   = "%%CITATION = HEP-PH/9903541;%%"
}
@article{Dulat:2015mca,
      author         = "Dulat, Sayipjamal and Hou, Tie-Jiun and Gao, Jun and
                        Guzzi, Marco and Huston, Joey and Nadolsky, Pavel and
                        Pumplin, Jon and Schmidt, Carl and Stump, Daniel and Yuan,
                        C. P.",
      title          = "{New parton distribution functions from a global analysis
                        of quantum chromodynamics}",
      journal        = "Phys. Rev.",
      volume         = "D93",
      year           = "2016",
      number         = "3",
      pages          = "033006",
      doi            = "10.1103/PhysRevD.93.033006",
      eprint         = "1506.07443",
      archivePrefix  = "arXiv",
      primaryClass   = "hep-ph",
      SLACcitation   = "%%CITATION = ARXIV:1506.07443;%%"
}

@article{Harland-Lang:2014zoa,
      author         = "Harland-Lang, L. A. and Martin, A. D. and Motylinski, P.
                        and Thorne, R. S.",
      title          = "{Parton distributions in the LHC era: MMHT 2014 PDFs}",
      journal        = "Eur. Phys. J.",
      volume         = "C75",
      year           = "2015",
      number         = "5",
      pages          = "204",
      doi            = "10.1140/epjc/s10052-015-3397-6",
      eprint         = "1412.3989",
      archivePrefix  = "arXiv",
      primaryClass   = "hep-ph",
      reportNumber   = "LCTS-2014-47, IPPP-14-97, DCPT-14-194",
      SLACcitation   = "%%CITATION = ARXIV:1412.3989;%%"
}

@article{Accardi:2016ndt,
      author         = "Accardi, A. and others",
      title          = "{A Critical Appraisal and Evaluation of Modern PDFs}",
      journal        = "Eur. Phys. J.",
      volume         = "C76",
      year           = "2016",
      number         = "8",
      pages          = "471",
      doi            = "10.1140/epjc/s10052-016-4285-4",
      eprint         = "1603.08906",
      archivePrefix  = "arXiv",
      primaryClass   = "hep-ph",
      reportNumber   = "DESY-16-041, DO-TH-16-05, JLAB-THY-16-2231, LTH-1081",
      SLACcitation   = "%%CITATION = ARXIV:1603.08906;%%"
}

@article{Bertone:2013vaa,
      author         = "Bertone, Valerio and Carrazza, Stefano and Rojo, Juan",
      title          = "{APFEL: A PDF Evolution Library with QED corrections}",
      journal        = "Comput. Phys. Commun.",
      volume         = "185",
      year           = "2014",
      pages          = "1647-1668",
      doi            = "10.1016/j.cpc.2014.03.007",
      eprint         = "1310.1394",
      archivePrefix  = "arXiv",
      primaryClass   = "hep-ph",
      reportNumber   = "IFUM-1015-FT, CERN-PH-TH-2013-209",
      SLACcitation   = "%%CITATION = ARXIV:1310.1394;%%"
}

@article{Forte:2010ta,
      author         = "Forte, Stefano and Laenen, Eric and Nason, Paolo and
                        Rojo, Juan",
      title          = "{Heavy quarks in deep-inelastic scattering}",
      journal        = "Nucl. Phys.",
      volume         = "B834",
      year           = "2010",
      pages          = "116-162",
      doi            = "10.1016/j.nuclphysb.2010.03.014",
      eprint         = "1001.2312",
      archivePrefix  = "arXiv",
      primaryClass   = "hep-ph",
      reportNumber   = "IFUM-949-FT, NIKHEF-2010-001, ITP-UU-10-03, ITFA-2010-01",
      SLACcitation   = "%%CITATION = ARXIV:1001.2312;%%"
}

@article{Bonvini:2019wxf,
      author         = "Bonvini, Marco and Giuli, Francesco",
      title          = "{A new simple PDF parametrization: improved description
                        of the HERA data}",
      journal        = "Eur. Phys. J. Plus",
      volume         = "134",
      year           = "2019",
      number         = "10",
      pages          = "531",
      doi            = "10.1140/epjp/i2019-12872-x",
      eprint         = "1902.11125",
      archivePrefix  = "arXiv",
      primaryClass   = "hep-ph",
      SLACcitation   = "%%CITATION = ARXIV:1902.11125;%%"
}
@article{Botje:2010ay,
      author         = "Botje, M.",
      title          = "{QCDNUM: Fast QCD Evolution and Convolution}",
      journal        = "Comput. Phys. Commun.",
      volume         = "182",
      year           = "2011",
      pages          = "490-532",
      doi            = "10.1016/j.cpc.2010.10.020",
      eprint         = "1005.1481",
      archivePrefix  = "arXiv",
      primaryClass   = "hep-ph",
      reportNumber   = "NIKHEF-10-002",
      SLACcitation   = "%%CITATION = ARXIV:1005.1481;%%"
}

@article{Mangano:2016jyj,
      author         = "Mangano, M. L. and others",
      title          = "{Physics at a 100 TeV pp Collider: Standard Model
                        Processes}",
      journal        = "CERN Yellow Rep.",
      year           = "2017",
      number         = "3",
      pages          = "1-254",
      doi            = "10.23731/CYRM-2017-003.1",
      eprint         = "1607.01831",
      archivePrefix  = "arXiv",
      primaryClass   = "hep-ph",
      reportNumber   = "CERN-TH-2016-112, FERMILAB-FN-1021-T",
      SLACcitation   = "%%CITATION = ARXIV:1607.01831;%%"
}

@article{Chekanov:2002be,
      author         = "Chekanov, S. and others",
      title          = "{Inclusive jet cross-sections in the Breit frame in
                        neutral current deep inelastic scattering at HERA and
                        determination of alpha(s)}",
      collaboration  = "ZEUS",
      journal        = "Phys. Lett.",
      volume         = "B547",
      year           = "2002",
      pages          = "164-180",
      doi            = "10.1016/S0370-2693(02)02763-6",
      eprint         = "hep-ex/0208037",
      archivePrefix  = "arXiv",
      primaryClass   = "hep-ex",
      reportNumber   = "DESY-02-112",
      SLACcitation   = "%%CITATION = HEP-EX/0208037;%%"
}

@article{Chekanov:2006xr,
      author         = "Chekanov, S. and others",
      title          = "{Inclusive-jet and dijet cross-sections in deep inelastic
                        scattering at HERA}",
      collaboration  = "ZEUS",
      journal        = "Nucl. Phys.",
      volume         = "B765",
      year           = "2007",
      pages          = "1-30",
      doi            = "10.1016/j.nuclphysb.2006.09.018",
      eprint         = "hep-ex/0608048",
      archivePrefix  = "arXiv",
      primaryClass   = "hep-ex",
      reportNumber   = "DESY-06-128",
      SLACcitation   = "%%CITATION = HEP-EX/0608048;%%"
}

@article{Abramowicz:2010cka,
      author         = "Abramowicz, H. and others",
      title          = "{Inclusive dijet cross sections in neutral current deep
                        inelastic scattering at HERA}",
      collaboration  = "ZEUS",
      journal        = "Eur. Phys. J.",
      volume         = "C70",
      year           = "2010",
      pages          = "965-982",
      doi            = "10.1140/epjc/s10052-010-1504-2",
      eprint         = "1010.6167",
      archivePrefix  = "arXiv",
      primaryClass   = "hep-ex",
      reportNumber   = "DESY-10-170",
      SLACcitation   = "%%CITATION = ARXIV:1010.6167;%%"
}

@article{Aktas:2007aa,
      author         = "Aktas, A. and others",
      title          = "{Measurement of inclusive jet production in
                        deep-inelastic scattering at high Q**2 and determination
                        of the strong coupling}",
      collaboration  = "H1",
      journal        = "Phys. Lett.",
      volume         = "B653",
      year           = "2007",
      pages          = "134-144",
      doi            = "10.1016/j.physletb.2007.07.050",
      eprint         = "0706.3722",
      archivePrefix  = "arXiv",
      primaryClass   = "hep-ex",
      reportNumber   = "DESY-07-073",
      SLACcitation   = "%%CITATION = ARXIV:0706.3722;%%"
}

@article{Aaron:2010ac,
      author         = "Aaron, F. D. and others",
      title          = "{Jet Production in ep Collisions at Low Q**2 and
                        Determination of alpha(s)}",
      collaboration  = "H1",
      journal        = "Eur. Phys. J.",
      volume         = "C67",
      year           = "2010",
      pages          = "1-24",
      doi            = "10.1140/epjc/s10052-010-1282-x",
      eprint         = "0911.5678",
      archivePrefix  = "arXiv",
      primaryClass   = "hep-ex",
      reportNumber   = "DESY-09-162",
      SLACcitation   = "%%CITATION = ARXIV:0911.5678;%%"
}

@article{Chatrchyan:2012bja,
      author         = "Chatrchyan, Serguei and others",
      title          = "{Measurements of Differential Jet Cross Sections in
                        Proton-Proton Collisions at $\sqrt{s}=7$ TeV with the CMS
                        Detector}",
      collaboration  = "CMS",
      journal        = "Phys. Rev.",
      volume         = "D87",
      year           = "2013",
      number         = "11",
      pages          = "112002",
      doi            = "10.1103/PhysRevD.87.112002, 10.1103/PhysRevD.87.119902",
      note           = "[Erratum: Phys. Rev.D87,no.11,119902(2013)]",
      eprint         = "1212.6660",
      archivePrefix  = "arXiv",
      primaryClass   = "hep-ex",
      reportNumber   = "CMS-QCD-11-004, CERN-PH-EP-2012-343",
      SLACcitation   = "%%CITATION = ARXIV:1212.6660;%%"
}

@article{Sirunyan:2017azo,
      author         = "Sirunyan, Albert M and others",
      title          = "{Measurement of double-differential cross sections for
                        top quark pair production in pp collisions at $\sqrt{s} =
                        8$ $\,\text {TeV}$ and impact on parton distribution
                        functions}",
      collaboration  = "CMS",
      journal        = "Eur. Phys. J.",
      volume         = "C77",
      year           = "2017",
      number         = "7",
      pages          = "459",
      doi            = "10.1140/epjc/s10052-017-4984-5",
      eprint         = "1703.01630",
      archivePrefix  = "arXiv",
      primaryClass   = "hep-ex",
      reportNumber   = "CMS-TOP-14-013, CERN-EP-2017-030",
      SLACcitation   = "%%CITATION = ARXIV:1703.01630;%%"
}

@article{Sirunyan:2019zvx,
      author         = "Sirunyan, Albert M and others",
      title          = "{Measurement of $\mathrm{t\bar t}$ normalised
                        multi-differential cross sections in pp collisions at
                        $\sqrt s=13$ TeV, and simultaneous determination of the
                        strong coupling strength, top quark pole mass, and parton
                        distribution functions}",
      collaboration  = "CMS",
      journal        = "Submitted to: Eur. Phys. J.",
      year           = "2019",
      eprint         = "1904.05237",
      archivePrefix  = "arXiv",
      primaryClass   = "hep-ex",
      reportNumber   = "CMS-TOP-18-004, CERN-EP-2019-028",
      SLACcitation   = "%%CITATION = ARXIV:1904.05237;%%"
}

@article{Dokshitzer:1977sg,
    author         = "Dokshitzer, Yuri L.",
    title          = "Calculation of the Structure Functions for Deep
    Inelastic Scattering and ${\rm e}^{+}{\rm e}^{-}$ Annihilation by
    Perturbation Theory in Quantum Chromodynamics",
    journal        = "Sov. Phys. JETP",
    volume         = "46",
    year           = "1977",
    pages          = "641",
    SLACcitation   = "%%CITATION = SPHJA,46,641;%%"
}

@article{Gribov:1972ri,
    author         = "Gribov, V. N. and Lipatov, L. N.",
    title          = "Deep inelastic ep scattering in perturbation theory",
    journal        = "Sov. J. Nucl. Phys.",
    volume         = "15",
    pages          = "438",
    year           = "1972",
    reportNumber   = "IPTI-381-71",
    SLACcitation   = "%%CITATION = SJNCA,15,438;%%",
}

@article{Altarelli:1977zs,
    author         = "Altarelli, Guido and Parisi, G.",
    title          = "Asymptotic freedom in parton language",
    journal        = "Nucl. Phys. B",
    volume         = "126",
    pages          = "298",
    doi            = "10.1016/0550-3213(77)90384-4",
    year           = "1977",
    reportNumber   = "LPTENS-77-6",
    SLACcitation   = "%%CITATION = NUPHA,B126,298;%%",
}

@article{Curci:1980uw,
    author         = "Curci, G. and Furmanski, W. and Petronzio, R.",
    title          = "{Evolution of parton densities beyond leading order: the
    nonsinglet case}",
    journal        = "Nucl. Phys. B",
    volume         = "175",
    pages          = "27",
    doi            = "10.1016/0550-3213(80)90003-6",
    year           = "1980",
    reportNumber   = "CERN-TH-2815",
    SLACcitation   = "%%CITATION = NUPHA,B175,27;%%",
}

@article{Furmanski:1980cm,
    author         = "Furmanski, W. and Petronzio, R.",
    title          = "{Singlet parton densities beyond leading order}",
    journal        = "Phys. Lett. B",
    volume         = "97",
    pages          = "437",
    doi            = "10.1016/0370-2693(80)90636-X",
    year           = "1980",
    reportNumber   = "CERN-TH-2933",
    SLACcitation   = "%%CITATION = PHLTA,B97,437;%%",
}

@article{Moch:2004pa,
    author         = "Moch, S. and Vermaseren, J. A. M. and Vogt, A.",
    title          = "The three-loop splitting functions in {QCD}: the
    nonsinglet case",
    journal        = "Nucl. Phys. B",
    volume         = "688",
    pages          = "101",
    doi            = "10.1016/j.nuclphysb.2004.03.030",
    year           = "2004",
    eprint         = "hep-ph/0403192",
    archivePrefix  = "arXiv",
    primaryClass   = "hep-ph",
    reportNumber   = "DESY-04-047, SFB-CPP-04-09, NIKHEF-04-001",
    SLACcitation   = "%%CITATION = HEP-PH/0403192;%%",
}

@article{Vogt:2004mw,
    author         = "Vogt, A. and Moch, S. and Vermaseren, J. A. M.",
    title          = "The three-loop splitting functions in {QCD}: the singlet
    case",
    journal        = "Nucl. Phys. B",
    volume         = "691",
    pages          = "129",
    doi            = "10.1016/j.nuclphysb.2004.04.024",
    year           = "2004",
    eprint         = "hep-ph/0404111",
    archivePrefix  = "arXiv",
    primaryClass   = "hep-ph",
    reportNumber   = "NIKHEF-04-004, DESY-04-060, SFB-CPP-04-12",
    SLACcitation   = "%%CITATION = HEP-PH/0404111;%%",
}

@article{Ball:2017otu,
      author         = "Ball, Richard D. and Bertone, Valerio and Bonvini, Marco
                        and Marzani, Simone and Rojo, Juan and Rottoli, Luca",
      title          = "{Parton distributions with small-x resummation: evidence
                        for BFKL dynamics in HERA data}",
      journal        = "Eur. Phys. J.",
      volume         = "C78",
      year           = "2018",
      number         = "4",
      pages          = "321",
      doi            = "10.1140/epjc/s10052-018-5774-4",
      eprint         = "1710.05935",
      archivePrefix  = "arXiv",
      primaryClass   = "hep-ph",
      reportNumber   = "EDINBURGH-2017-15, NIKHEF-2017-027, OUTP-17-12P",
      SLACcitation   = "%%CITATION = ARXIV:1710.05935;%%"
}

@article{Abdolmaleki:2018jln,
      author         = "Abdolmaleki, Hamed and others",
      title          = "{Impact of low-$x$ resummation on QCD analysis of HERA
                        data}",
      collaboration  = "xFitter Developers' Team",
      journal        = "Eur. Phys. J.",
      volume         = "C78",
      year           = "2018",
      number         = "8",
      pages          = "621",
      doi            = "10.1140/epjc/s10052-018-6090-8",
      eprint         = "1802.00064",
      archivePrefix  = "arXiv",
      primaryClass   = "hep-ph",
      reportNumber   = "DESY-18-017",
      SLACcitation   = "%%CITATION = ARXIV:1802.00064;%%"
}

@article{Mangano:1991jk,
    author         = "Mangano, Michelangelo L. and Nason, Paolo and Ridolfi,
    Giovanni",
    title          = "{Heavy quark correlations in hadron collisions at
    next-to-leading order}",
    journal        = "Nucl. Phys. B",
    volume         = "373",
    year           = "1992",
    pages          = "295",
    doi            = "10.1016/0550-3213(92)90435-E",
    reportNumber   = "IFUP-TH-32-91, UPRF-91-308, GEF-TH-10-1991A",
    SLACcitation   = "%%CITATION = NUPHA,B373,295;%%"
}

@article{Schroeder:2019agg,
      author         = "Schr{\"o}der, Frank G.",
      title          = "{News from Cosmic Ray Air Showers (ICRC 2019 -- Cosmic
                        Ray Indirect Rapport)}",
      booktitle      = "{HAWC Contributions to the 36th International Cosmic Ray
                        Conference (ICRC2019)}",
      journal        = "PoS",
      volume         = "ICRC2019",
      year           = "2019",
      pages          = "030",
      eprint         = "1910.03721",
      archivePrefix  = "arXiv",
      primaryClass   = "astro-ph.HE",
      SLACcitation   = "%%CITATION = ARXIV:1910.03721;%%"
}

@article{Kachelriess:2019oqu,
      author         = "Kachelriess, M. and Semikoz, D. V.",
      title          = "{Cosmic Ray Models}",
      doi            = "10.1016/j.ppnp.2019.07.002",
      year           = "2019",
      eprint         = "1904.08160",
      archivePrefix  = "arXiv",
      primaryClass   = "astro-ph.HE",
      SLACcitation   = "%%CITATION = ARXIV:1904.08160;%%"
}

@article{Ball:2017nwa,
      author         = "Ball, Richard D. and others",
      title          = "{Parton distributions from high-precision collider data}",
      collaboration  = "NNPDF",
      journal        = "Eur. Phys. J.",
      volume         = "C77",
      year           = "2017",
      number         = "10",
      pages          = "663",
      doi            = "10.1140/epjc/s10052-017-5199-5",
      eprint         = "1706.00428",
      archivePrefix  = "arXiv",
      primaryClass   = "hep-ph",
      reportNumber   = "CAVENDISH-HEP-17-06, CERN-TH-2017-077, EDINBURGH-2017-08,
                        NIKHEF-2017-006, OUTP-17-04P, TIF-UNIMI-2017-3",
      SLACcitation   = "%%CITATION = ARXIV:1706.00428;%%"
}

@article{Ball:2014uwa,
      author         = "Ball, Richard D. and others",
      title          = "{Parton distributions for the LHC Run II}",
      collaboration  = "NNPDF",
      journal        = "JHEP",
      volume         = "04",
      year           = "2015",
      pages          = "040",
      doi            = "10.1007/JHEP04(2015)040",
      eprint         = "1410.8849",
      archivePrefix  = "arXiv",
      primaryClass   = "hep-ph",
      reportNumber   = "EDINBURGH-2014-15, IFUM-1034-FT, CERN-PH-TH-2013-253,
                        OUTP-14-11P, CAVENDISH-HEP-14-11",
      SLACcitation   = "%%CITATION = ARXIV:1410.8849;%%"
}



@article{Cacciari:2015fta,
      author         = "Cacciari, Matteo and Mangano, Michelangelo L. and Nason,
                        Paolo",
      title          = "{Gluon PDF constraints from the ratio of forward
                        heavy-quark production at the LHC at $\sqrt{S}=7$ and
                        13 TeV}",
      journal        = "Eur. Phys. J.",
      volume         = "C75",
      year           = "2015",
      number         = "12",
      pages          = "610",
      doi            = "10.1140/epjc/s10052-015-3814-x",
      eprint         = "1507.06197",
      archivePrefix  = "arXiv",
      primaryClass   = "hep-ph",
      reportNumber   = "CERN-PH-TH-2015-171",
      SLACcitation   = "%%CITATION = ARXIV:1507.06197;%%"
}


@article{Cacciari:1993mq,
      author         = "Cacciari, Matteo and Greco, Mario",
      title          = "{Large $p_{T}$ hadroproduction of heavy quarks}",
      journal        = "Nucl. Phys.",
      volume         = "B421",
      year           = "1994",
      pages          = "530-544",
      doi            = "10.1016/0550-3213(94)90515-0",
      eprint         = "hep-ph/9311260",
      archivePrefix  = "arXiv",
      primaryClass   = "hep-ph",
      reportNumber   = "FNT-T-93-43",
      SLACcitation   = "%%CITATION = HEP-PH/9311260;%%"
}
